<?xml version="1.0" encoding="UTF-8"?><record xmlns="http://www.loc.gov/MARC21/slim" xmlns:cinclude="http://apache.org/cocoon/include/1.0" xmlns:zs="http://www.loc.gov/zing/srw/">
  <leader>00645cz  a2200169n  4500</leader>
  <controlfield tag="001">no2007006062</controlfield>
  <controlfield tag="003">DLC</controlfield>
  <controlfield tag="005">20080905080547.0</controlfield>
  <controlfield tag="008">070111n| acannaabn          |b aaa     c</controlfield>
  <datafield tag="010" ind1=" " ind2=" ">
    <subfield code="a">no2007006062</subfield>
  </datafield>
  <datafield tag="035" ind1=" " ind2=" ">
    <subfield code="a">(OCoLC)oca07303259</subfield>
  </datafield>
  <datafield tag="040" ind1=" " ind2=" ">
    <subfield code="a">AzTeS</subfield>
    <subfield code="b">eng</subfield>
    <subfield code="c">AzTeS</subfield>
    <subfield code="d">OCoLC</subfield>
  </datafield>
  <datafield tag="100" ind1="1" ind2=" ">
    <subfield code="a">Usui, Yoshinori,</subfield>
    <subfield code="d">1953-</subfield>
  </datafield>
  <datafield tag="400" ind1="1" ind2=" ">
    <subfield code="a">臼井喜法,</subfield>
    <subfield code="d">1953-</subfield>
  </datafield>
  <datafield tag="667" ind1=" " ind2=" ">
    <subfield code="a">Machine-derived non-Latin script reference project.</subfield>
  </datafield>
  <datafield tag="667" ind1=" " ind2=" ">
    <subfield code="a">Non-Latin script reference not evaluated.</subfield>
  </datafield>
  <datafield tag="670" ind1=" " ind2=" ">
    <subfield code="a">Edo sanbyakunen "futsū no bushi" wa kō ikita, 2005:</subfield>
    <subfield code="b">t.p. (Usui Yoshinori) colophon (r; b. 1953 in Hyōgo-ken Nishiwaki-shi; asst. professor, Ikenobō Tanki Daigaku)</subfield>
  </datafield>
</record>